<?xml version="1.0" encoding="UTF-8"?><record xmlns="http://www.loc.gov/MARC21/slim" xmlns:cinclude="http://apache.org/cocoon/include/1.0" xmlns:zs="http://www.loc.gov/zing/srw/">
  <leader>00419cz  a2200133n  4500</leader>
  <controlfield tag="001">n  88163891 </controlfield>
  <controlfield tag="003">DLC</controlfield>
  <controlfield tag="005">19900515114157.6</controlfield>
  <controlfield tag="008">890508n| acannaab|          |n aaa |||  </controlfield>
  <datafield tag="010" ind1=" " ind2=" ">
    <subfield code="a">n  88163891 </subfield>
  </datafield>
  <datafield tag="040" ind1=" " ind2=" ">
    <subfield code="a">DLC</subfield>
    <subfield code="c">DLC</subfield>
    <subfield code="d">DLC</subfield>
  </datafield>
  <datafield tag="100" ind1="1" ind2="0">
    <subfield code="a">Emmerich, Donald</subfield>
  </datafield>
  <datafield tag="670" ind1=" " ind2=" ">
    <subfield code="a">Crisfield, D. Let's take a trip, c1989:</subfield>
    <subfield code="b">tCIP t.p. (Donald Emmerich)</subfield>
  </datafield>
  <datafield tag="670" ind1=" " ind2=" ">
    <subfield code="a">Corey, M. Let's visit a spaghetti factory, c1990:</subfield>
    <subfield code="b">t.p. (Donald N. Emmerich)</subfield>
  </datafield>
</record>